@book{womak:lean-thinking,
    author  = {James P. Womack, Daniel T. Jones},
    title   = {Lean Thinking, Second Editon},
    publisher = {Simon \& Schuster, Inc.},
    year    = {2010}
}

@book{book:SWEBOOK,
    author  = {Pierre Bourque, Richard E. (Dick) Fairley},
    title   = {SWEBOOK v3.0},
    publisher = {IEEE},
    year    = {2014}
}

@online{site:func-programming-freecodecamp,
	title = {Introduction to the basic principles of functional programming},
	url = {https://www.freecodecamp.org/news/an-introduction-to-the-basic-principles-of-functional-programming-a2c2a15c84/}
}

@online{site:the-scrum-framework,
    title   = {SCRUM},
    url    = {https://www.scrum.org/resources/what-is-scrum}
}

@online{site:agile-manifesto,
    title   = {Manifesto Agile},
    url     = {http://agilemanifesto.org/iso/it/}
}

@online{site:agile-101,
	title = {Agile 101},
	url = {https://digital.ai/resources/agile-101}
}

@online{site:react,
	title = {React},
	url = {https://reactjs.org/}
}

@online{site:redux,
	title = {Redux},
	url = {https://redux.js.org/}
}

@online{site:kotlin-func,
    title   = {Funzioni di ordine superiore},
    url     = {https://kotlinlang.org/docs/reference/lambdas.html}
}

@online{site:kotlin-docs,
    title   = {Documentazione Kotlin},
    url     = {https://kotlinlang.org/docs/reference}
}

@online{site:atlassian-git,
	title ={Atlassian git},
	url = {https://www.atlassian.com/git}
}